@article{kaelbling1996reinforcement,
  title={Reinforcement learning: A survey},
  author={Kaelbling, Leslie Pack and Littman, Michael L and Moore, Andrew W},
  journal={Journal of artificial intelligence research},
  volume={4},
  pages={237--285},
  year={1996}
}

@article{sutton1999reinforcement,
  title={Reinforcement learning},
  author={Sutton, Richard S and Barto, Andrew G and others},
  journal={Journal of Cognitive Neuroscience},
  volume={11},
  number={1},
  pages={126--134},
  year={1999}
}


@article{watkins1992q,
  title={Q-learning},
  author={Watkins, Christopher JCH and Dayan, Peter},
  journal={Machine learning},
  volume={8},
  pages={279--292},
  year={1992},
  publisher={Springer}
}

@article{holland1992genetic,
  title={Genetic algorithms},
  author={Holland, John H},
  journal={Scientific american},
  volume={267},
  number={1},
  pages={66--73},
  year={1992},
  publisher={JSTOR}
}

@book{sivanandam2008genetic,
  title={Genetic algorithms},
  author={Sivanandam, SN and Deepa, SN and Sivanandam, SN and Deepa, SN},
  year={2008},
  publisher={Springer}
}

@article{forrest1996genetic,
  title={Genetic algorithms},
  author={Forrest, Stephanie},
  journal={ACM computing surveys (CSUR)},
  volume={28},
  number={1},
  pages={77--80},
  year={1996},
  publisher={ACM New York, NY, USA}
}


